<?xml version = "1.0" encoding = "UTF-8"?><OAI-PMH xmlns="http://www.openarchives.org/OAI/2.0/" xmlns:xsi="http://www.w3.org/2001/XMLSchema-instance" xsi:schemaLocation="http://www.openarchives.org/OAI/2.0/ http://www.openarchives.org/OAI/2.0/OAI-PMH.xsd"><ListRecords><record><header><identifier>aleph-publish:018561918</identifier></header><metadata><record xmlns="http://www.ddb.de/professionell/mabxml/mabxml-1.xsd"><leader>01046nM2.01200024------h</leader><controlfield tag="LDR">01046nM2.01200024------h</controlfield><controlfield tag="FMT">MH</controlfield><datafield tag="001" ind1="-" ind2="1"><subfield code="a">TT003060418</subfield></datafield><datafield tag="002" ind1="a" ind2="1"><subfield code="a">20110411</subfield></datafield><datafield tag="004" ind1="-" ind2="1"><subfield code="a">20100913</subfield></datafield><controlfield tag="030">a|1uc||||||34</controlfield><datafield tag="037" ind1="b" ind2="1"><subfield code="a">fre</subfield></datafield><controlfield tag="050">a|||||||d|||||</controlfield><controlfield tag="051">m|||||||</controlfield><datafield tag="070" ind1="-" ind2="1"><subfield code="a">5/Inst</subfield></datafield><datafield tag="070" ind1="a" ind2="1"><subfield code="a">5/Inst</subfield></datafield><datafield tag="100" ind1="b" ind2="1"><subfield code="p">Gounod, Charles</subfield><subfield code="d">1818-1893</subfield><subfield code="b">[Komp.]</subfield><subfield code="9">(DE-588)118718312</subfield></datafield><datafield tag="101" ind1="-" ind2="1"><subfield code="p">Gounod, Felix-Charles</subfield><subfield code="d">1818-1893</subfield></datafield><datafield tag="101" ind1="-" ind2="1"><subfield code="p">Gounod, ...</subfield><subfield code="d">1818-1893</subfield></datafield><datafield tag="101" ind1="-" ind2="1"><subfield code="p">Gounod, Carlo</subfield><subfield code="d">1818-1893</subfield></datafield><datafield tag="101" ind1="-" ind2="1"><subfield code="p">Gounod, C.</subfield><subfield code="d">1818-1893</subfield></datafield><datafield tag="101" ind1="-" ind2="1"><subfield code="p">Gounod, Felix Charles</subfield><subfield code="d">1818-1893</subfield></datafield><datafield tag="101" ind1="-" ind2="1"><subfield code="p">Gounod, Charles Francois</subfield><subfield code="d">1818-1893</subfield></datafield><datafield tag="101" ind1="-" ind2="1"><subfield code="p">Gounod, Charles François</subfield><subfield code="d">1818-1893</subfield></datafield><datafield tag="101" ind1="-" ind2="1"><subfield code="p">Gounod, Charles-François</subfield><subfield code="d">1818-1893</subfield></datafield><datafield tag="101" ind1="-" ind2="1"><subfield code="p">Gounod, Ch.</subfield><subfield code="d">1818-1893</subfield></datafield><datafield tag="101" ind1="-" ind2="1"><subfield code="p">Bach-Gounod, ...</subfield><subfield code="d">1818-1893</subfield></datafield><datafield tag="101" ind1="-" ind2="1"><subfield code="p">Gounod, Charles François</subfield><subfield code="d">1818-1893</subfield></datafield><datafield tag="104" ind1="b" ind2="1"><subfield code="p">Barbier, Jules</subfield><subfield code="d">1825-1901</subfield><subfield code="b">[Libretto]</subfield><subfield code="9">(DE-588)119309998</subfield></datafield><datafield tag="105" ind1="-" ind2="1"><subfield code="p">Barbier, Giulio</subfield><subfield code="d">1825-1901</subfield></datafield><datafield tag="105" ind1="-" ind2="1"><subfield code="p">Barbier, P. Jules</subfield><subfield code="d">1825-1901</subfield></datafield><datafield tag="105" ind1="-" ind2="1"><subfield code="p">Barber, Jules</subfield><subfield code="d">1825-1901</subfield></datafield><datafield tag="105" ind1="-" ind2="1"><subfield code="p">Barbier, P.-J.</subfield><subfield code="d">1825-1901</subfield></datafield><datafield tag="105" ind1="-" ind2="1"><subfield code="p">Barbier, J.</subfield><subfield code="d">1825-1901</subfield></datafield><datafield tag="105" ind1="-" ind2="1"><subfield code="p">Barbier, Julius</subfield><subfield code="d">1825-1901</subfield></datafield><datafield tag="105" ind1="-" ind2="1"><subfield code="p">Barbier, Michel</subfield><subfield code="d">1825-1901</subfield></datafield><datafield tag="105" ind1="-" ind2="1"><subfield code="p">Barbier, Paul Jules</subfield><subfield code="d">1825-1901</subfield></datafield><datafield tag="105" ind1="-" ind2="1"><subfield code="p">Barbier, Jules Paul</subfield><subfield code="d">1825-1901</subfield></datafield><datafield tag="105" ind1="-" ind2="1"><subfield code="p">Barbier, Paul-Jules</subfield><subfield code="d">1825-1901</subfield></datafield><datafield tag="108" ind1="b" ind2="1"><subfield code="p">Carré, Michel</subfield><subfield code="d">1819-1872</subfield><subfield code="b">[Libretto]</subfield><subfield code="9">(DE-588)119374536</subfield></datafield><datafield tag="109" ind1="-" ind2="1"><subfield code="p">Carré, ...</subfield><subfield code="d">1819-1872</subfield></datafield><datafield tag="109" ind1="-" ind2="1"><subfield code="p">Carré, M.</subfield><subfield code="d">1819-1872</subfield></datafield><datafield tag="109" ind1="-" ind2="1"><subfield code="p">Kārre, M.</subfield><subfield code="d">1819-1872</subfield></datafield><datafield tag="109" ind1="-" ind2="1"><subfield code="p">Carré, Michael</subfield><subfield code="d">1819-1872</subfield></datafield><datafield tag="109" ind1="-" ind2="1"><subfield code="p">Carré, Michele</subfield><subfield code="d">1819-1872</subfield></datafield><datafield tag="109" ind1="-" ind2="1"><subfield code="p">Carré, Michel Florentin</subfield><subfield code="d">1819-1872</subfield></datafield><datafield tag="109" ind1="-" ind2="1"><subfield code="p">Carré, Michel-Florentin</subfield><subfield code="d">1819-1872</subfield></datafield><datafield tag="112" ind1="b" ind2="1"><subfield code="p">Cluytens, André</subfield><subfield code="b">[Dir.]</subfield><subfield code="9">(DE-588)183785592</subfield></datafield><datafield tag="116" ind1="b" ind2="1"><subfield code="p">Angeles, Victoria De Los</subfield><subfield code="b">[Sopr]</subfield><subfield code="9">(DE-588)186200862</subfield></datafield><datafield tag="117" ind1="-" ind2="1"><subfield code="p">Losangeles, Victoria De</subfield></datafield><datafield tag="117" ind1="-" ind2="1"><subfield code="p">Delosangeles, Victoria</subfield></datafield><datafield tag="120" ind1="b" ind2="1"><subfield code="p">Gedda, Nicolai</subfield><subfield code="d">1925-</subfield><subfield code="b">[Ten]</subfield><subfield code="9">(DE-588)120540215</subfield></datafield><datafield tag="121" ind1="-" ind2="1"><subfield code="p">Gädda, Harry Gustaf Nikolaj</subfield><subfield code="d">1925-</subfield></datafield><datafield tag="121" ind1="-" ind2="1"><subfield code="p">Gädda, Harry Gustaf Nikolaj</subfield><subfield code="d">1925-</subfield></datafield><datafield tag="121" ind1="-" ind2="1"><subfield code="p">Gedda, Nicolai</subfield><subfield code="d">1925-</subfield></datafield><datafield tag="124" ind1="b" ind2="1"><subfield code="p">Blanc, Ernest</subfield><subfield code="b">[Bariton]</subfield><subfield code="9">(DE-588)186257317</subfield></datafield><datafield tag="128" ind1="b" ind2="1"><subfield code="p">Christoff, Boris</subfield><subfield code="b">[Baß]</subfield><subfield code="9">(DE-588)186218648</subfield></datafield><datafield tag="200" ind1="b" ind2="1"><subfield code="k">Orchestre et Choeurs du Theatre National de L Opera</subfield><subfield code="9">(DE-588)16294456-1</subfield></datafield><datafield tag="304" ind1="a" ind2="1"><subfield code="a">Faust</subfield></datafield><datafield tag="331" ind1="-" ind2="1"><subfield code="a">Faust</subfield></datafield><datafield tag="334" ind1="-" ind2="1"><subfield code="a">Tonträger</subfield></datafield><datafield tag="335" ind1="-" ind2="1"><subfield code="a">Oper in fünf Akten</subfield></datafield><datafield tag="359" ind1="-" ind2="1"><subfield code="a">Charles Gounod. Jules Barbier [Libretto] ; Michel Carre [Libretto]. Andre Cluytens [Dir.]. Victoria de Los Angeles [Sopr] ; Niccolai Gedda [Ten] ; Ernest Blanc [Bariton] ; Boris Christoff [Baß]. Orchestre et Choeurs du Theatre National de l Opera</subfield></datafield><datafield tag="410" ind1="-" ind2="1"><subfield code="a">s.l.</subfield></datafield><datafield tag="410" ind1="a" ind2="1"><subfield code="a">EMI Records Ltd, p 1969</subfield></datafield><datafield tag="412" ind1="-" ind2="1"><subfield code="a">EMI Records</subfield></datafield><datafield tag="425" ind1="-" ind2="1"><subfield code="a">c 1994</subfield></datafield><datafield tag="425" ind1="a" ind2="1"><subfield code="a">1994</subfield></datafield><datafield tag="433" ind1="-" ind2="1"><subfield code="a">3 CDs : stereo ; ADD</subfield></datafield><datafield tag="501" ind1="-" ind2="1"><subfield code="a">AD: 9+10/1958</subfield></datafield><datafield tag="580" ind1="-" ind2="1"><subfield code="a">0777 7 69983 2 9</subfield></datafield><controlfield tag="SYS">018561918</controlfield><datafield tag="LOW" ind1="-" ind2="1"><subfield code="a">Q1133</subfield></datafield><datafield tag="088" ind1=" " ind2=" "><subfield code="a">5/58</subfield><subfield code="b">00042001</subfield><subfield code="c">7/441</subfield><subfield code="e">keine ILL</subfield></datafield></record></metadata></record></ListRecords></OAI-PMH>
